@article{Snake,
  author = {Kass, Michael and Witkin, Andrew P. and Terzopoulos, Demetri},
  journal = {Int. J. Comput. Vis.},
  number = 4,
  pages = {321-331},
  title = {Snakes: Active contour models.},
  volume = 1,
  year = 1988
}
